% Encoding: UTF-8
@STRING{IEEE_J_AC         = "{IEEE} Trans. Autom. Control"}



components, packaging and manufacturing
@STRING{IEEE_J_ADVP       = "{IEEE} Trans. Adv. Packag."}

IEEEabrv.bib
V1.12 (2007/01/11)
Copyright (c) 2002-2007 by Michael Shell
See: http://www.michaelshell.org/
for current contact information.

BibTeX bibliography string definitions of the ABBREVIATED titles of
IEEE journals and magazines and online publications.

This file is designed for bibliography styles that require 
abbreviated titles and is not for use in bibliographies that
require full-length titles.

Support sites:
http://www.michaelshell.org/tex/ieeetran/
http://www.ctan.org/tex-archive/macros/latex/contrib/IEEEtran/
and/or
http://www.ieee.org/

Special thanks to Laura Hyslop and ken Rawson of IEEE for their help
in obtaining the information needed to compile this file. Also,
Volker Kuhlmann and Moritz Borgmann kindly provided some corrections
and additions.

*************************************************************************
Legal Notice:
This code is offered as-is without any warranty either expressed or
implied; without even the implied warranty of MERCHANTABILITY or
FITNESS FOR A PARTICULAR PURPOSE! 
User assumes all risk.
In no event shall IEEE or any contributor to this code be liable for
any damages or losses, including, but not limited to, incidental,
consequential, or any other damages, resulting from the use or misuse
of any information contained here.

All comments are the opinions of their respective authors and are not
necessarily endorsed by the IEEE.

This work is distributed under the LaTeX Project Public License (LPPL)
( http://www.latex-project.org/ ) version 1.3, and may be freely used,
distributed and modified. A copy of the LPPL, version 1.3, is included
in the base LaTeX documentation of all distributions of LaTeX released
2003/12/01 or later.
Retain all contribution notices and credits.
** Modified files should be clearly indicated as such, including  **
** renaming them and changing author support contact information. **

File list of work: IEEEabrv.bib, IEEEfull.bib, IEEEexample.bib,
                   IEEEtran.bst, IEEEtranS.bst, IEEEtranSA.bst,
                   IEEEtranN.bst, IEEEtranSN.bst, IEEEtran_bst_HOWTO.pdf
*************************************************************************


USAGE:

\bibliographystyle{mybstfile}
\bibliography{IEEEabrv,mybibfile}

where the IEEE titles in the .bib database entries use the strings
defined here. e.g.,


   journal = IEEE_J_AC,


to yield "{IEEE} Trans. Automat. Contr."


IEEE uses abbreviated journal titles in their bibliographies -
this file is suitable for work that is to be submitted to the IEEE.


For work that requires full-length titles, you should use the full
titles provided in the companion file, IEEEfull.bib.


** NOTES **

 1. Journals have been grouped according to subject in order to make it
    easier to locate and extract the definitions for related journals - 
    as most works use references that are confined to a single topic.
    Magazines are listed in straight alphabetical order.

 2. String names are closely based on IEEE's own internal acronyms.
 
 3. Abbreviations follow IEEE's style.

 4. Older, out-of-print IEEE titles are included (but not including titles
    dating prior to IEEE's formation from the IRE and AIEE in 1963).

 5. The following NEW/current journal definitions have been disabled because
    their abbreviations have not yet been verified:
    
    STRING{IEEE_J_CBB        = "{IEEE/ACM} Trans. Comput. Biology Bioinformatics"}
    STRING{IEEE_J_CJECE      = "Canadian J. Elect. Comput. Eng."}
    STRING{IEEE_J_DSC        = "{IEEE} Trans. Dependable Secure Comput."}
    STRING{IEEE_O_DSO        = "{IEEE} Distrib. Syst. Online"}
    
 6. The following OLD journal definitions have been disabled because
    their abbreviations have not yet been found/verified:

    STRING{IEEE_J_BCTV       = "{IEEE} Trans. Broadcast Television Receivers"}
    STRING{IEEE_J_EWS        = "{IEEE} Trans. Eng. Writing Speech"}

If you know what the proper abbreviation is for a string in #5 or #6 above,
email me and I will correct them in the next release.





IEEE Journals 



aerospace and military
@STRING{IEEE_J_AES        = "{IEEE} Trans. Aerosp. Electron. Syst."}
@STRING{IEEE_J_AIRE       = "{IEEE} Trans. Airborne Electron."}
@STRING{IEEE_J_ANE        = "{IEEE} Trans. Aerosp. Navig. Electron."}
@STRING{IEEE_J_ANNE       = "{IEEE} Trans. Aeronaut. Navig. Electron."}
@STRING{IEEE_J_AP         = "{IEEE} Trans. Antennas Propag."}



industrial, commercial and consumer
@STRING{IEEE_J_APPIND     = "{IEEE} Trans. Appl. Ind."}
@STRING{IEEE_J_AS         = "{IEEE} Trans. Aerosp."}
@STRING{IEEE_J_ASC        = "{IEEE} Trans. Appl. Supercond."}



cybernetics, ergonomics, robots, man-machine, and automation
@STRING{IEEE_J_ASE        = "{IEEE} Trans. Autom. Sci. Eng."}
@STRING{IEEE_J_ASSP       = "{IEEE} Trans. Acoust., Speech, Signal Process."}
@STRING{IEEE_J_AU         = "{IEEE} Trans. Audio"}
@STRING{IEEE_J_AUEA       = "{IEEE} Trans. Audio Electroacoust."}



electromagnetics, antennas, EMI, magnetics and microwave
@STRING{IEEE_J_AWPL       = "{IEEE} Antennas Wireless Propag. Lett."}
Note: The B-ME journal later dropped the hyphen and became the BME.
@STRING{IEEE_J_B-ME       = "{IEEE} Trans. Bio-Med. Eng."}
@STRING{IEEE_J_BC         = "{IEEE} Trans. Broadcast."}



medical and biological
@STRING{IEEE_J_BME        = "{IEEE} Trans. Biomed. Eng."}
@STRING{IEEE_J_BMELC      = "{IEEE} Trans. Bio-Med. Electron."}



computers, computation, networking and software
@STRING{IEEE_J_C          = "{IEEE} Trans. Comput."}
@STRING{IEEE_J_CAD        = "{IEEE} Trans. Comput.-Aided Design Integr. Circuits Syst."}
@STRING{IEEE_J_CAL        = "{IEEE} Comput. Archit. Lett."}
@STRING{IEEE_J_CAPT       = "{IEEE} Trans. Compon. Packag. Technol."}
@STRING{IEEE_J_CAPTS      = "{IEEE} Trans. Compon. Packag. Technol."}
@STRING{IEEE_J_CAS        = "{IEEE} Trans. Circuits Syst."}
@STRING{IEEE_J_CASI       = "{IEEE} Trans. Circuits Syst. {I}"}
in 2004 CASI and CASII renamed part title to CASI_RP and CASII_EB, respectively.
@STRING{IEEE_J_CASI_RP    = "{IEEE} Trans. Circuits Syst. {I}"}
@STRING{IEEE_J_CASII      = "{IEEE} Trans. Circuits Syst. {II}"}
@STRING{IEEE_J_CASII_EB   = "{IEEE} Trans. Circuits Syst. {II}"}
@STRING{IEEE_J_CASVT      = "{IEEE} Trans. Circuits Syst. Video Technol."}
disabled till definition is verified
STRING{IEEE_J_BCTV        = "{IEEE} Trans. Broadcast Television Receivers"}
@STRING{IEEE_J_CE         = "{IEEE} Trans. Consum. Electron."}
@STRING{IEEE_J_CHMT       = "{IEEE} Trans. Compon., Hybrids, Manuf. Technol."}
@STRING{IEEE_J_COM        = "{IEEE} Trans. Commun."}



communications
@STRING{IEEE_J_COML       = "{IEEE} Commun. Lett."}
@STRING{IEEE_J_COMT       = "{IEEE} Trans. Commun. Technol."}
@STRING{IEEE_J_CPART      = "{IEEE} Trans. Compon. Parts"}
@STRING{IEEE_J_CPMTA      = "{IEEE} Trans. Compon., Packag., Manuf. Technol. {A}"}
@STRING{IEEE_J_CPMTB      = "{IEEE} Trans. Compon., Packag., Manuf. Technol. {B}"}
@STRING{IEEE_J_CPMTC      = "{IEEE} Trans. Compon., Packag., Manuf. Technol. {C}"}
@STRING{IEEE_J_CST        = "{IEEE} Trans. Control Syst. Technol."}
@STRING{IEEE_J_CT         = "{IEEE} Trans. Circuit Theory"}
@STRING{IEEE_J_DEI        = "{IEEE} Trans. Dielectr. Electr. Insul."}



reliability
IEEE seems to want "Mat." here, not "Mater."
@STRING{IEEE_J_DMR        = "{IEEE} Trans. Device Mater. Rel."}



energy and power
@STRING{IEEE_J_EC         = "{IEEE} Trans. Energy Convers."}
disabled till definition is verified
STRING{IEEE_J_DSC         = "{IEEE} Trans. Dependable Secure Comput."}
@STRING{IEEE_J_ECOMP      = "{IEEE} Trans. Electron. Comput."}
@STRING{IEEE_J_ED         = "{IEEE} Trans. Electron Devices"}



physics, electrons, nanotechnology, nuclear and quantum electronics
@STRING{IEEE_J_EDL        = "{IEEE} Electron Device Lett."}
@STRING{IEEE_J_EDU        = "{IEEE} Trans. Educ."}
@STRING{IEEE_J_EI         = "{IEEE} Trans. Electr. Insul."}
@STRING{IEEE_J_EM         = "{IEEE} Trans. Eng. Manag."}
@STRING{IEEE_J_EMC        = "{IEEE} Trans. Electromagn. Compat."}
@STRING{IEEE_J_EPM        = "{IEEE} Trans. Electron. Packag. Manuf."}



semiconductors, superconductors, electrochemical and solid state
@STRING{IEEE_J_ESSL       = "{IEEE/ECS} Electrochem. Solid-State Lett."}
@STRING{IEEE_J_EVC        = "{IEEE} Trans. Evol. Comput."}
@STRING{IEEE_J_FUZZ       = "{IEEE} Trans. Fuzzy Syst."}



earth, wind, fire and water
@STRING{IEEE_J_GE         = "{IEEE} Trans. Geosci. Electron."}
@STRING{IEEE_J_GRS        = "{IEEE} Trans. Geosci. Remote Sens."}
@STRING{IEEE_J_GRSL       = "{IEEE} Geosci. Remote Sens. Lett."}
@STRING{IEEE_J_HFE        = "{IEEE} Trans. Hum. Factors Electron."}
@STRING{IEEE_J_IA         = "{IEEE} Trans. Ind. Appl."}
@STRING{IEEE_J_IE         = "{IEEE} Trans. Ind. Electron."}
@STRING{IEEE_J_IECI       = "{IEEE} Trans. Ind. Electron. Contr. Instrum."}
@STRING{IEEE_J_IFS        = "{IEEE} Trans. Inf. Forensics Security"}
@STRING{IEEE_J_IGA        = "{IEEE} Trans. Ind. Gen. Appl."}
@STRING{IEEE_J_IINF       = "{IEEE} Trans. Ind. Informat."}



instrumentation and measurement
@STRING{IEEE_J_IM         = "{IEEE} Trans. Instrum. Meas."}
@STRING{IEEE_J_IP         = "{IEEE} Trans. Image Process."}



coding, data, information, knowledge
@STRING{IEEE_J_IT         = "{IEEE} Trans. Inf. Theory"}
disabled till definition is verified
STRING{IEEE_J_CBB         = "{IEEE/ACM} Trans. Comput. Biology Bioinformatics"}
@STRING{IEEE_J_ITBM       = "{IEEE} Trans. Inf. Technol. Biomed."}



autos, transportation and vehicles (non-aerospace)
@STRING{IEEE_J_ITS        = "{IEEE} Trans. Intell. Transp. Syst."}



computer graphics, imaging, and multimedia
@STRING{IEEE_J_JDT        = "{IEEE/OSA} J. Display Technol."}



insulation and materials
@STRING{IEEE_J_JEM        = "{IEEE/TMS} J. Electron. Mater."}
@STRING{IEEE_J_JLT        = "J. Lightw. Technol."}
@STRING{IEEE_J_JQE        = "{IEEE} J. Quantum Electron."}
@STRING{IEEE_J_JRA        = "{IEEE} J. Robot. Autom."}
@STRING{IEEE_J_JSAC       = "{IEEE} J. Sel. Areas Commun."}
@STRING{IEEE_J_JSSC       = "{IEEE} J. Solid-State Circuits"}
@STRING{IEEE_J_JSTQE      = "{IEEE} J. Sel. Topics Quantum Electron."}
@STRING{IEEE_J_KDE        = "{IEEE} Trans. Knowl. Data Eng."}
@STRING{IEEE_J_MAG        = "{IEEE} Trans. Magn."}
@STRING{IEEE_J_MC         = "{IEEE} Trans. Mobile Comput."}
@STRING{IEEE_J_ME         = "{IEEE} Trans. Med. Electron."}



mechanical
@STRING{IEEE_J_MECH       = "{IEEE/ASME} Trans. Mechatronics"}
@STRING{IEEE_J_MEMS       = "J. Microelectromech. Syst."}
@STRING{IEEE_J_MFT        = "{IEEE} Trans. Manuf. Technol."}
@STRING{IEEE_J_MGWL       = "{IEEE} Microw. Guided Wave Lett."}
@STRING{IEEE_J_MI         = "{IEEE} Trans. Med. Imag."}
@STRING{IEEE_J_MIL        = "{IEEE} Trans. Mil. Electron."}
@STRING{IEEE_J_MM         = "{IEEE} Trans. Multimedia"}
@STRING{IEEE_J_MMS        = "{IEEE} Trans. Man-Mach. Syst."}
@STRING{IEEE_J_MTT        = "{IEEE} Trans. Microw. Theory Tech."}
IEEE seems to want "Compon." here, not "Comp."
@STRING{IEEE_J_MWCL       = "{IEEE} Microw. Wireless Compon. Lett."}
@STRING{IEEE_J_NANO       = "{IEEE} Trans. Nanotechnol."}
@STRING{IEEE_J_NB         = "{IEEE} Trans. Nanobiosci."}
@STRING{IEEE_J_NET        = "{IEEE/ACM} Trans. Netw."}
@STRING{IEEE_J_NN         = "{IEEE} Trans. Neural Netw."}
@STRING{IEEE_J_NS         = "{IEEE} Trans. Nucl. Sci."}
@STRING{IEEE_J_NSRE       = "{IEEE} Trans. Neural Syst. Rehabil. Eng."}
@STRING{IEEE_J_OE         = "{IEEE} J. Ocean. Eng."}
@STRING{IEEE_J_PAMI       = "{IEEE} Trans. Pattern Anal. Mach. Intell."}
disabled till definition is verified
STRING{IEEE_J_EWS         = "{IEEE} Trans. Eng. Writing Speech"}
@STRING{IEEE_J_PC         = "{IEEE} Trans. Prof. Commun."}
@STRING{IEEE_J_PDS        = "{IEEE} Trans. Parallel Distrib. Syst."}
@STRING{IEEE_J_PEL        = "{IEEE} Power Electron. Lett."}
@STRING{IEEE_J_PHP        = "{IEEE} Trans. Parts, Hybrids, Packag."}
@STRING{IEEE_J_PMP        = "{IEEE} Trans. Parts, Mater., Packag."}



education, engineering, history, IEEE, professional
disabled till definition is verified
STRING{IEEE_J_CJECE       = "Canadian J. Elect. Comput. Eng."}
@STRING{IEEE_J_PROC       = "Proc. {IEEE}"}
@STRING{IEEE_J_PS         = "{IEEE} Trans. Plasma Sci."}
@STRING{IEEE_J_PSE        = "{IEEE} J. Product Safety Eng."}



 optics, lightwave and photonics
@STRING{IEEE_J_PTL        = "{IEEE} Photon. Technol. Lett."}
@STRING{IEEE_J_PWRAS      = "{IEEE} Trans. Power App. Syst."}
@STRING{IEEE_J_PWRD       = "{IEEE} Trans. Power Del."}
@STRING{IEEE_J_PWRE       = "{IEEE} Trans. Power Electron."}
@STRING{IEEE_J_PWRS       = "{IEEE} Trans. Power Syst."}
@STRING{IEEE_J_R          = "{IEEE} Trans. Rel."}
in 1989 JRA became RA
in August 2004, RA split into ASE and RO
@STRING{IEEE_J_RA         = "{IEEE} Trans. Robot. Autom."}
@STRING{IEEE_J_RE         = "{IEEE} Trans. Rehabil. Eng."}
@STRING{IEEE_J_RFI        = "{IEEE} Trans. Radio Freq. Interference"}
@STRING{IEEE_J_RO         = "{IEEE} Trans. Robot."}
@STRING{IEEE_J_SAP        = "{IEEE} Trans. Speech Audio Process."}
@STRING{IEEE_J_SE         = "{IEEE} Trans. Softw. Eng."}



sensors
@STRING{IEEE_J_SENSOR     = "{IEEE} Sensors J."}
@STRING{IEEE_J_SM         = "{IEEE} Trans. Semicond. Manuf."}
@STRING{IEEE_J_SMC        = "{IEEE} Trans. Syst., Man, Cybern."}
@STRING{IEEE_J_SMCA       = "{IEEE} Trans. Syst., Man, Cybern. {A}"}
@STRING{IEEE_J_SMCB       = "{IEEE} Trans. Syst., Man, Cybern. {B}"}
@STRING{IEEE_J_SMCC       = "{IEEE} Trans. Syst., Man, Cybern. {C}"}
@STRING{IEEE_J_SP         = "{IEEE} Trans. Signal Process."}



circuits, signals, systems, audio and controls
@STRING{IEEE_J_SPL        = "{IEEE} Signal Process. Lett."}
@STRING{IEEE_J_SSC        = "{IEEE} Trans. Syst. Sci. Cybern."}
@STRING{IEEE_J_SU         = "{IEEE} Trans. Sonics Ultrason."}



CAD
@STRING{IEEE_J_TCAD       = "{IEEE} J. Technol. Comput. Aided Design"}
@STRING{IEEE_J_TJMJ       = "{IEEE} Transl. J. Magn. Jpn."}
@STRING{IEEE_J_UE         = "{IEEE} Trans. Ultrason. Eng."}
@STRING{IEEE_J_UFFC       = "{IEEE} Trans. Ultrason., Ferroelectr., Freq. Control"}
@STRING{IEEE_J_VC         = "{IEEE} Trans. Veh. Commun."}
@STRING{IEEE_J_VCG        = "{IEEE} Trans. Vis. Comput. Graphics"}



VLSI
@STRING{IEEE_J_VLSI       = "{IEEE} Trans. {VLSI} Syst."}
@STRING{IEEE_J_VT         = "{IEEE} Trans. Veh. Technol."}
@STRING{IEEE_J_WCOM       = "{IEEE} Trans. Wireless Commun."}






IEEE Magazines 



@STRING{IEEE_M_AES        = "{IEEE} Aerosp. Electron. Syst. Mag."}
@STRING{IEEE_M_AP         = "{IEEE} Antennas Propag. Mag."}
@STRING{IEEE_M_ASSP       = "{IEEE} {ASSP} Mag."}
@STRING{IEEE_M_C          = "{IEEE} Computer"}
@STRING{IEEE_M_CAP        = "{IEEE} Comput. Appl. Power"}
@STRING{IEEE_M_CAS        = "{IEEE} Circuits Syst. Mag."}
@STRING{IEEE_M_CD         = "{IEEE} Circuits Devices Mag."}
@STRING{IEEE_M_CGA        = "{IEEE} Comput. Graph. Appl."}
@STRING{IEEE_M_CIM        = "{IEEE} Comput. Intell. Mag."}
@STRING{IEEE_M_COM        = "{IEEE} Commun. Mag."}
@STRING{IEEE_M_COMSOC     = "{IEEE} Commun. Soc. Mag."}
@STRING{IEEE_M_CONC       = "{IEEE} Concurrency"}
@STRING{IEEE_M_CS         = "{IEEE} Control Syst. Mag."}
CSEM changed to CSE in 1999
@STRING{IEEE_M_CSE        = "{IEEE} Comput. Sci. Eng."}
@STRING{IEEE_M_CSEM       = "{IEEE} Comput. Sci. Eng. Mag."}
@STRING{IEEE_M_DTC        = "{IEEE} Des. Test. Comput."}
@STRING{IEEE_M_EI         = "{IEEE} Electr. Insul. Mag."}
@STRING{IEEE_M_EMB        = "{IEEE} Eng. Med. Biol. Mag."}
@STRING{IEEE_M_EMR        = "{IEEE} Eng. Manag. Rev."}
@STRING{IEEE_M_ETR        = "{IEEE} ElectroTechnol. Rev."}
@STRING{IEEE_M_EXP        = "{IEEE} Expert"}
@STRING{IEEE_M_HIST       = "{IEEE} Ann. Hist. Comput."}
@STRING{IEEE_M_IA         = "{IEEE} Ind. Appl. Mag."}
@STRING{IEEE_M_IC         = "{IEEE} Internet Comput."}
@STRING{IEEE_M_IM         = "{IEEE} Instrum. Meas. Mag."}
@STRING{IEEE_M_IS         = "{IEEE} Intell. Syst."}
@STRING{IEEE_M_ITP        = "{IEEE} {IT} Prof."}
@STRING{IEEE_M_MICRO      = "{IEEE} Micro"}
@STRING{IEEE_M_MM         = "{IEEE} Multimedia"}
@STRING{IEEE_M_MW         = "{IEEE} Microw. Mag."}
@STRING{IEEE_M_NET        = "{IEEE} Netw."}
IEEE's editorial manual lists "Pers. Commun.", 
but "Personal Commun. Mag." seems to be what is used in the journals
@STRING{IEEE_M_PCOM       = "{IEEE} Personal Commun. Mag."}
CAP and PER merged to form PE in 2003
@STRING{IEEE_M_PE         = "{IEEE} Power Energy Mag."}
@STRING{IEEE_M_PER        = "{IEEE} Power Eng. Rev."}
@STRING{IEEE_M_POT        = "{IEEE} Potentials"}
@STRING{IEEE_M_PVC        = "{IEEE} Pervasive Comput."}
@STRING{IEEE_M_RA         = "{IEEE} Robot. Autom. Mag."}
@STRING{IEEE_M_S          = "{IEEE} Softw."}
@STRING{IEEE_M_SAP        = "{IEEE} Security Privacy"}
@STRING{IEEE_M_SP         = "{IEEE} Signal Process. Mag."}
@STRING{IEEE_M_SPECT      = "{IEEE} Spectr."}
@STRING{IEEE_M_TODAY      = "Today's Engineer"}
@STRING{IEEE_M_TS         = "{IEEE} Technol. Soc. Mag."}
@STRING{IEEE_M_VT         = "{IEEE} Veh. Technol. Mag."}
@STRING{IEEE_M_WC         = "{IEEE} Wireless Commun. Mag."}






IEEE Online Publications 



@STRING{IEEE_O_CSTO        = "{IEEE} Commun. Surveys Tuts."}

@Article{Jenkins_2012,
  author    = {Glenn L. Jenkins and Oluwakemi Ademoye},
  title     = {Can Individual code reviews improve solo programming on an introductory course?},
  journal   = {Innovation in Teaching and Learning in Information and Computer Sciences},
  year      = {2012},
  volume    = {11},
  number    = {1},
  pages     = {71--79},
  month     = {jun},
  doi       = {http://dx.doi.org/10.11120/ital.2012.11010071},
  publisher = {The Higher Education Academy},
  url       = {https://doi.org/10.11120%2Fital.2012.11010071},
}

@InProceedings{Bacchelli:2013:EOC:2486788.2486882,
  author    = {Bacchelli, Alberto and Bird, Christian},
  title     = {Expectations, Outcomes, and Challenges of Modern Code Review},
  booktitle = {Proceedings of the 2013 International Conference on Software Engineering},
  year      = {2013},
  series    = {ICSE '13},
  pages     = {712--721},
  address   = {Piscataway, NJ, USA},
  publisher = {IEEE Press},
  acmid     = {2486882},
  isbn      = {978-1-4673-3076-3},
  location  = {San Francisco, CA, USA},
  numpages  = {10},
  url       = {http://dl.acm.org/citation.cfm?id=2486788.2486882},
}

@InProceedings{McIntosh:2014:ICR:2597073.2597076,
  author    = {McIntosh, Shane and Kamei, Yasutaka and Adams, Bram and Hassan, Ahmed E.},
  title     = {The Impact of Code Review Coverage and Code Review Participation on Software Quality: A Case Study of the Qt, VTK, and ITK Projects},
  booktitle = {Proceedings of the 11th Working Conference on Mining Software Repositories},
  year      = {2014},
  series    = {MSR 2014},
  pages     = {192--201},
  address   = {New York, NY, USA},
  publisher = {ACM},
  acmid     = {2597076},
  doi       = {10.1145/2597073.2597076},
  isbn      = {978-1-4503-2863-0},
  keywords  = {Code reviews, software quality},
  location  = {Hyderabad, India},
  numpages  = {10},
  url       = {http://doi.acm.org/10.1145/2597073.2597076},
}

@InProceedings{Votta:1993:INM:256428.167070,
  author    = {Votta,Jr., Lawrence G.},
  title     = {Does Every Inspection Need a Meeting?},
  booktitle = {Proceedings of the 1st ACM SIGSOFT Symposium on Foundations of Software Engineering},
  year      = {1993},
  series    = {SIGSOFT '93},
  pages     = {107--114},
  address   = {New York, NY, USA},
  publisher = {ACM},
  acmid     = {167070},
  doi       = {10.1145/256428.167070},
  isbn      = {0-89791-625-5},
  location  = {Los Angeles, California, USA},
  numpages  = {8},
  url       = {http://doi.acm.org/10.1145/256428.167070},
}

@InProceedings{Baker:1997:CRE:253228.253461,
  author    = {Baker,Jr., Richard A.},
  title     = {Code Reviews Enhance Software Quality},
  booktitle = {Proceedings of the 19th International Conference on Software Engineering},
  year      = {1997},
  series    = {ICSE '97},
  pages     = {570--571},
  address   = {New York, NY, USA},
  publisher = {ACM},
  acmid     = {253461},
  doi       = {10.1145/253228.253461},
  isbn      = {0-89791-914-9},
  keywords  = {code reviews, software engineering, software quality},
  location  = {Boston, Massachusetts, USA},
  numpages  = {2},
  url       = {http://doi.acm.org/10.1145/253228.253461},
}

@Article{10.7287/peerj.preprints.2163v1,
  author   = {Patwardhan, Amol S},
  title    = {Structured unit testable templated code for efficient code review process},
  journal  = {PeerJ Preprints},
  year     = {2016},
  volume   = {4},
  pages    = {e2163v1},
  month    = jun,
  abstract = {
        Background: Modern software development teams are distributed across onsite and off-shore locations. Each team has developers with varying experience levels and English communication skills. In such a diverse development environment it is important to maintain the software quality, coding standards, timely delivery of features and bug fixes. It is also important to reduce testing effort, minimize side effects such as change in functionality, user experience or application performance. Code reviews are intended to control code quality. Unfortunately, many projects lack enforcement of processes and standards because of approaching deadlines, live production issues and lack of resource availability.
        Objective: This study examines a novel structured, unit testable templated code method to enforce code review standards with an intent to reduce coding effort, minimize revisions and eliminate functional and performance side effects on the system. The proposed method would also result in unit-testable code that can also be easily rolled back and increase team productivity.
        Method: The baseline for traditional code review processes using metrics such as code review duration, bug regression rate, revision count was measured. These metrics were then compared with results from the proposed code review process that used structured unit testable templated code. The performance on 2 large enterprise level applications spanning over 2 years and 9 feature and maintenance release cycles was evaluated.
        Results: The structured unit testable templated code method resulted in a decrease in total code review time, revision count and coding effort. It also decreased the number of live production issues caused by code churn or side effects of bug fix when compared to traditional code review process.
        Conclusion: The study confirmed that the structured unit testable templated code results in improved code review efficiency. It also increased code quality and provided a robust tool to enforce coding standards in a cross-continent software maintenance team environment. It also relieved core resources from code review effort so that they could concentrate more on newer feature development.
      },
  doi      = {10.7287/peerj.preprints.2163v1},
  issn     = {2167-9843},
  keywords = {Modern Code Review, Template, Peer Review, Extreme Programming, Agile, Software Inspection, Reviewer Participation, SQL Review, Architecture, Software Quality},
  url      = {https://doi.org/10.7287/peerj.preprints.2163v1},
}

@Article{Meyer_2008,
  author    = {Bertrand Meyer},
  title     = {Design and code reviews in the age of the internet},
  journal   = {Communications of the {ACM}},
  year      = {2008},
  volume    = {51},
  number    = {9},
  pages     = {66},
  month     = {sep},
  doi       = {DOI:10.1145/1378727.1378744},
  publisher = {Association for Computing Machinery ({ACM})},
  url       = {https://doi.org/10.1145%2F1378727.1378744},
}

@article{stecklein2004error,
  title={Error cost escalation through the project life cycle},
  author={Stecklein, Jonette M and Dabney, Jim and Dick, Brandon and Haskins, Bill and Lovell, Randy and Moroney, Gregory},
  year={2004}
}

@InProceedings{mccarthy1996experiment,
  author       = {McCarthy, Patricia and Porter, Adam and Siy, Harvey and Votta, Lawrence G},
  title        = {An experiment to assess cost-benefits of inspection meetings and their alternatives: a pilot study},
  booktitle    = {Software Metrics Symposium, 1996., Proceedings of the 3rd International},
  year         = {1996},
  pages        = {100--111},
  organization = {IEEE},
  publisher    = {Institute of Electrical and Electronics Engineers ({IEEE})},
  doi          = {10.1109/METRIC.1996.492447},
  url          = {https://doi.org/10.1109%2Fmetric.1996.492447},
}

@InProceedings{porter1995experiment,
  author       = {Porter, Adam and Siy, Harvey and Toman, Carol A and Votta, Lawrence G},
  title        = {An experiment to assess the cost-benefits of code inspections in large scale software development},
  booktitle    = {ACM SIGSOFT Software Engineering Notes},
  year         = {1995},
  volume       = {20},
  number       = {4},
  pages        = {92--103},
  month        = {jun},
  organization = {ACM},
  publisher    = {Institute of Electrical and Electronics Engineers ({IEEE})},
  doi          = {10.1109/32.601071},
  journal      = {{IEEE} Transactions on Software Engineering},
  url          = {https://doi.org/10.1109%2F32.601071},
}

@article{votta1993does,
  title={Does every inspection need a meeting?},
  author={Votta Jr, Lawrence G},
  journal={ACM SIGSOFT Software Engineering Notes},
  volume={18},
  number={5},
  pages={107--114},
  year={1993},
  publisher={ACM}
}



@Comment{jabref-meta: databaseType:bibtex;}

disabled till definition is verified
STRING{IEEE_O_DSO          = "{IEEE} Distrib. Syst. Online"}





--
EOF
